@article {
  art:REF_ART_1,
  author = {CRUZ, F. and Subramanian, A. and Bruck, B. and Iori, Manuel.},
  title = {Uma abordagem meta-heurística para um problema de rebalanceamento estático em sistemas de compartilhamento de bicicletas},
  journal = {Simpósio Brasileiro de Pesquisa Operacional - SBPO},
  year = {2016}
}

@article {
  art:REF_ART_2,
  author = {CHEMLA, D. and Meunier, F. and Calvo, R.},
  title = {Bike sharing systems: Solving the static rebalancing problem},
  publisher = {Elsevier},
  journal = {Discrete Optimization},
  pages = {120-146},
  year = {2013}
}

@article {
    art:REF_ART_3,
    author = {Hernández-Pérez, H. and Salazar-González, J.},
    title = {A branch-and-cut algorithm for a traveling salesman problem with pickup and delivery},
    publisher = {Elsevier},
    journal = {Discrete Applied Mathematics},
    year = {2004},
    pages = {126-139}
}

@article {
    art:REF_ART_4,
    author = {Bulhões, T. and Subramanian, A. and Erd\u{o}gan G. and Laporte G.},
    title = {The static bike relocation problem with multiple vehicles and visits},
    publisher = {Elsevier},
    journal = {European Journal Of Research},
    year = {2016},
    pages = {508-523}
}

@article {
    art:REF_ART_5,
    author = {Hernández-Pérez, H. and Salazar-González, J. and Rodríguez-Martín I.},
    title = {A hybrid GRAPS/VND heuristic for the One-Commodity Pickup-and-delivery Traveling Salesman Problem},
    year = {2008}
}

@article {
    art:REF_ART_6,
    author = {CRUZ, F. and Subramanian, A. and Bruck, B. and Iori, Manuel.},
    title = {A heuristic algorithm for a single vehicle static bike sharing rebalancing problem},
    publisher = {UFPB},
    journal = {Working paper},
    year = {2016}
}

@article {
    art:REF_ART_7,
    author = {Paes, B. and Subramanian, A. and Ochi, L.},
    title = {Uma heurística híbrida para o Problema do Caixeiro Viajante com Coleta e Entrega envolvendo um único tipo de produto},
    journal = {Simpósio Brasileiro de Pesquisa Operacional - SBPO},
    year = {2010}
}

@misc{site:1,
  title = {Trânsito - Problemas atingem grandes cidades},
  howpublished = {\url{https://educacao.uol.com.br/disciplinas/geografia/transito-problemas-atingem-grandes-cidades.htm}},
  note = {Acessado em: 2019-02-01},
  author = {Decicino, R.}
}

@misc{site:2,
  title = {As 7 causas mais comuns de congestão viária e as estratégias (exitosas) para enfrentá-la},
  howpublished = {\url{https://www.archdaily.com.br/br/799252/as-7-causas-mais-comuns-de-congestao-viaria-e-as-estrategias-exitosas-para-enfrenta-la}},
  note = {Acessado em: 2019-02-01},
  year = {2016},
  author = {Brant, J.}
}

@misc{site:3,
  title = {Emissões de poluentes por veículos automotores},
  howpublished = {\url{https://educacaopublica.cederj.edu.br/artigos/16/7/emisses-de-poluentes-por-veculos-automotores}},
  note = {Acessado em: 2019-02-01},
  year = {2015},
  author = {Santos, T.}
}

@misc{site:4,
  title = {Poluição ambiental e o trânsito},
  howpublished = {\url{http://www.transitoideal.com.br/pt/artigo/4/educador/51/poluicao-ambiental-eo-transito}},
  note = {Acessado em: 2019-02-01},
  year = {2013},
  author = {Trânsito Ideal}
}

@misc{site:5,
  title = {O que é poluição do ar? Conheça causas e tipos},
  howpublished = {\url{https://www.ecycle.com.br/component/content/article/63-meio-ambiente/2949-poluicao-ar-atmosferia-perigos-problemas-o-que-e-historico-revolucao-industrial-big-smoke-classificacao-poluentes-co2-cfc-so2-no2-ozonio-fontes-naturais-antropogenicas-impactos-saude-meio-ambiente-dicas-para-reduzir.html}},
  note = {Acessado em: 2019-02-01},
  author = {eCycle}
}

@misc{site:6,
  title = {Poluição Sonora e Visual},
  howpublished = {\url{https://mundoeducacao.bol.uol.com.br/geografia/poluicao-sonora-visual.htm}},
  note = {Acessado em: 2019-02-01},
  author = {Freitas, E.}
}

@misc{site:7,
  title = {O desafio de aumentar a atratividade do transporte público urbano no Brasil},
  howpublished = {\url{http://www.ipea.gov.br/desafios/index.php?option=com_content&view=article&id=2980:catid=28&Itemid=23}},
  note = {Acessado em: 2019-02-01},
  year = {2014},
  author = {Carvalho, C.}
}

@misc{site:8,
  title = {Rio de Janeiro tem o pior sistema de transportes do mundo, diz estudo},
  howpublished = {\url{https://epocanegocios.globo.com/Brasil/noticia/2018/07/rio-de-janeiro-tem-o-pior-sistema-de-transportes-do-mundo-diz-estudo.html}},
  note = {Acessado em: 2019-02-01},
  year = {2018},
  author = {Época Negócios}
}

@misc{site:9,
  title = {Por quê a construção de mais vias não alivia os congestionamentos.},
  howpublished = {\url{https://vadebici.wordpress.com/2013/02/16/por-que-a-construcao-de-mais-ruas-nao-alivia-os-congestionamentos/}},
  note = {Acessado em: 2019-02-01},
  year = {2013},
  author = {Estipendio, M.}
}

@book{book:1,
  author = {ITDP},
  year = {2014},
  title = {Guia de planejamento de Sistemas de Bicicletas Compartilhadas}
}

@book{glover,
    title = {Tabu Search},
    author = {Glover, F. and Laguna, M.},
    isbn = {9781461560890},
    year = {1997},
    publisher = {Springer US},
}

@booklet{correa,
	title = {Estrutura de Dados para Conjuntos},
	year = {2016},
	author = {Correa, R.}
}

@book{resende:1,
	 author = {Resende, Mauricio G. C. and Ribeiro, Celso C.},
	 title = {Optimization by GRASP: Greedy Randomized Adaptive Search Procedures},
	 year = {2016},
	 edition = {1st},
	 publisher = {Springer Publishing Company, Incorporated}
} 

@article{art:REF_ART_8,
	author = {Brimberg, Jack and Hansen, Pierre and Mladenović, Nenad and Taillard, Eric D.},
	title = {Improvements and Comparison of Heuristics for Solving the Uncapacitated Multisource Weber Problem},
	journal = {Operations Research},
	volume = {48},
	number = {3},
	pages = {444-460},
	year = {2000},
	doi = {10.1287/opre.48.3.444.12431}
}

@InCollection{JohnMcGe97,
  title                    = {The traveling salesman problem: A case study in local optimization},
  suthor                   = {Johnson, David S. and McGeoch, Lyle A.},
  booktitle                = {Local Search in Combinatorial Optimization},
  publisher                = {John Wiley and Sons},
  year                     = {1997},
  pages                    = {215-310}
}